%% This BibTeX bibliography file was created using BibDesk.
%% http://bibdesk.sourceforge.net/

%% Created for Benjamin Nussbaum at 2018-06-05 20:21:58 +0200 


%% Saved with string encoding Unicode (UTF-8) 



@article{fisher,
	Abstract = {The articles published by the Annals of Eugenics (1925--1954) have been made available online as an historical archive intended for scholarly use. The work of eugenicists was often pervaded by prejudice against racial, ethnic and disabled groups. The online publication of this material for scholarly research purposes is not an endorsement of those views nor a promotion of eugenics in any way.},
	Author = {Ronald A. Fisher},
	Date-Added = {2018-06-05 17:26:42 +0000},
	Date-Modified = {2018-06-05 17:33:33 +0000},
	Doi = {10.1111/j.1469-1809.1936.tb02137.x},
	Eprint = {https://onlinelibrary.wiley.com/doi/pdf/10.1111/j.1469-1809.1936.tb02137.x},
	Journal = {Annals of Eugenics},
	Number = {2},
	Pages = {179-188},
	Title = {The Use Of Multiple Measurements In Taxonomic Problems},
	Url = {https://onlinelibrary.wiley.com/doi/abs/10.1111/j.1469-1809.1936.tb02137.x},
	Volume = {7},
	Bdsk-Url-1 = {https://onlinelibrary.wiley.com/doi/abs/10.1111/j.1469-1809.1936.tb02137.x},
	Bdsk-Url-2 = {https://doi.org/10.1111/j.1469-1809.1936.tb02137.x}}

@url{spring-boot,
	Author = {Spring},
	Date-Added = {2018-06-03 18:10:11 +0000},
	Date-Modified = {2018-06-03 18:10:53 +0000},
	Lastchecked = {2018-06-03},
	Title = {Spring Boot},
	Url = {https://spring.io/projects/spring-boot},
	Urldate = {2018-06-03}}

@url{spring-data,
	Author = {Spring},
	Date-Added = {2018-06-03 18:07:43 +0000},
	Date-Modified = {2018-06-03 18:08:31 +0000},
	Lastchecked = {2018-06-03},
	Title = {Spring Data MongoDB},
	Url = {https://projects.spring.io/spring-data-mongodb/},
	Urldate = {2018-06-03}}

@url{nginx-loadbal,
	Author = {nginx},
	Date-Added = {2018-05-31 19:13:41 +0000},
	Date-Modified = {2018-05-31 19:15:38 +0000},
	Lastchecked = {2018-05-31},
	Title = {Using nginx as HTTP load balancer},
	Url = {http://nginx.org/en/docs/http/load_balancing.html},
	Urldate = {2018-05-31},
	Bdsk-Url-1 = {http://nginx.org/en/docs/http/load_balancing.html}}

@url{kub-ingress,
	Author = {The {Kubernetes Authors}},
	Date-Added = {2018-05-31 16:49:49 +0000},
	Date-Modified = {2018-05-31 16:50:26 +0000},
	Lastchecked = {2018-05-31},
	Title = {Ingress},
	Urldate = {2018-05-31}}

@url{kub-dns-spec,
	Author = {The {Kubernetes Authors}},
	Date-Added = {2018-05-31 08:59:17 +0000},
	Date-Modified = {2018-05-31 11:50:25 +0000},
	Lastchecked = {2018-05-31},
	Title = {Kubernetes DNS-Based Service Discovery},
	Url = {https://github.com/kubernetes/dns/blob/master/docs/specification.md},
	Urldate = {2017-05-11},
	Bdsk-Url-1 = {https://github.com/kubernetes/dns/blob/master/docs/specification.md}}

@url{portworx-2017,
	Author = {Portworx},
	Date-Added = {2018-05-17 16:54:05 +0000},
	Date-Modified = {2018-05-17 16:55:15 +0000},
	Lastchecked = {2018-05-17},
	Title = {Portworx Annual Container Adoption Survey 2017},
	Urldate = {2018-05-17}}

@url{kub-pod,
	Author = {The {Kubernetes Authors}},
	Date-Added = {2018-05-11 23:14:22 +0000},
	Date-Modified = {2018-05-11 23:15:31 +0000},
	Lastchecked = {2018-05-12},
	Title = {Kubernetes Concepts - Pods},
	Url = {https://kubernetes.io/docs/concepts/workloads/pods/pod/},
	Urldate = {2018-05-12},
	Bdsk-Url-1 = {https://kubernetes.io/docs/concepts/workloads/pods/pod/}}

@url{kub_comp,
	Author = {The {Kubernetes Authors}},
	Date-Added = {2018-05-10 01:04:13 +0000},
	Date-Modified = {2018-05-11 22:08:28 +0000},
	Lastchecked = {2018-05-10},
	Title = {Kubernetes Components},
	Url = {https://kubernetes.io/docs/concepts/overview/components/},
	Urldate = {2018-05-10},
	Bdsk-Url-1 = {https://kubernetes.io/docs/concepts/overview/components/}}

@url{lewis2014microservices,
	Author = {Lewis, James and Fowler, Martin},
	Date-Added = {2018-04-24 20:12:10 +0000},
	Date-Modified = {2018-04-24 20:15:26 +0000},
	Journal = {http://martinfowler.com/articles/microservices.html},
	Title = {Microservices: a definition of this new architectural term},
	Urldate = {2018-04-24},
	Year = {2014}}

@inproceedings{joy2015,
	Abstract = {With the advent of cloud computing and virtualization, modern distributed applications run on virtualized environments for hardware resource utilization and flexibility of operations in an infrastructure. However, when it comes to virtualization, resource overhead is involved. Linux containers can be an alternative to traditional virtualization technologies because of its high resource utilization and less overhead. This paper provides a comparison between Linux containers and virtual machines in terms of performance and scalability.},
	Author = {A. M. Joy},
	Booktitle = {2015 International Conference on Advances in Computer Engineering and Applications},
	Date-Added = {2018-04-20 10:24:49 +0000},
	Date-Modified = {2018-04-20 10:25:00 +0000},
	Doi = {10.1109/ICACEA.2015.7164727},
	Keywords = {Linux;cloud computing;virtual machines;virtualisation;Linux containers;cloud computing;hardware resource utilization;resource overhead;virtual machines;virtualization technologies;virtualized environments;Containers;Linux;Scalability;Servers;Virtual machine monitors;Virtual machining;Virtualization;cloud computing;containers;docker;hypervisor;kubernetes;virtualization},
	Month = {March},
	Pages = {342-346},
	Title = {Performance comparison between Linux containers and virtual machines},
	Year = {2015},
	Bdsk-File-1 = {YnBsaXN0MDDUAQIDBAUGJCVYJHZlcnNpb25YJG9iamVjdHNZJGFyY2hpdmVyVCR0b3ASAAGGoKgHCBMUFRYaIVUkbnVsbNMJCgsMDxJXTlMua2V5c1pOUy5vYmplY3RzViRjbGFzc6INDoACgAOiEBGABIAFgAdccmVsYXRpdmVQYXRoWWFsaWFzRGF0YV8QNS4uLy4uL1BhcGVycy9QZXJmb3JtYW5jZSBDb21wYXJpc29uIENvbnRhaW5lcnMgVk0ucGRm0hcLGBlXTlMuZGF0YU8RAf4AAAAAAf4AAgAADE1hY2ludG9zaCBIRAAAAAAAAAAAAAAAAAAAAAAAAABCRAAB/////x9QZXJmb3JtYW5jZSBDb21wYXIjRkZGRkZGRkYucGRmAAAAAAAAAAAAAAAAAAAAAAAAAAAAAAAAAAAAAAAAAAD/////AAAAAAAAAAAAAAAAAAIAAgAACiBjdQAAAAAAAAAAAAAAAAAGUGFwZXJzAAIAai86VXNlcnM6YmVuamFtaW4ubnVzc2JhdW06RHJvcGJveDpVbmk6X01hc3RlcjpNYXN0ZXJhcmJlaXQ6UGFwZXJzOlBlcmZvcm1hbmNlIENvbXBhcmlzb24gQ29udGFpbmVycyBWTS5wZGYADgBSACgAUABlAHIAZgBvAHIAbQBhAG4AYwBlACAAQwBvAG0AcABhAHIAaQBzAG8AbgAgAEMAbwBuAHQAYQBpAG4AZQByAHMAIABWAE0ALgBwAGQAZgAPABoADABNAGEAYwBpAG4AdABvAHMAaAAgAEgARAASAGhVc2Vycy9iZW5qYW1pbi5udXNzYmF1bS9Ecm9wYm94L1VuaS9fTWFzdGVyL01hc3RlcmFyYmVpdC9QYXBlcnMvUGVyZm9ybWFuY2UgQ29tcGFyaXNvbiBDb250YWluZXJzIFZNLnBkZgATAAEvAAAVAAIAGP//AACABtIbHB0eWiRjbGFzc25hbWVYJGNsYXNzZXNdTlNNdXRhYmxlRGF0YaMdHyBWTlNEYXRhWE5TT2JqZWN00hscIiNcTlNEaWN0aW9uYXJ5oiIgXxAPTlNLZXllZEFyY2hpdmVy0SYnVHJvb3SAAQAIABEAGgAjAC0AMgA3AEAARgBNAFUAYABnAGoAbABuAHEAcwB1AHcAhACOAMYAywDTAtUC1wLcAucC8AL+AwIDCQMSAxcDJAMnAzkDPANBAAAAAAAAAgEAAAAAAAAAKAAAAAAAAAAAAAAAAAAAA0M=},
	Bdsk-Url-1 = {https://doi.org/10.1109/ICACEA.2015.7164727}}

@misc{vase2015advantages,
	Author = {Vase, Tuomas},
	Date-Added = {2018-04-20 10:04:09 +0000},
	Date-Modified = {2018-04-20 10:08:27 +0000},
	Title = {Advantages of Docker},
	Url = {http://urn.fi/URN:NBN:fi:jyu-201512093942},
	Year = {2015},
	Bdsk-File-1 = {YnBsaXN0MDDUAQIDBAUGJCVYJHZlcnNpb25YJG9iamVjdHNZJGFyY2hpdmVyVCR0b3ASAAGGoKgHCBMUFRYaIVUkbnVsbNMJCgsMDxJXTlMua2V5c1pOUy5vYmplY3RzViRjbGFzc6INDoACgAOiEBGABIAFgAdccmVsYXRpdmVQYXRoWWFsaWFzRGF0YV8QJS4uLy4uL1BhcGVycy9hZHZhbnRhZ2VzX29mX2RvY2tlci5wZGbSFwsYGVdOUy5kYXRhTxEBvgAAAAABvgACAAAMTWFjaW50b3NoIEhEAAAAAAAAAAAAAAAAAAAAAAAAAEJEAAH/////GGFkdmFudGFnZXNfb2ZfZG9ja2VyLnBkZgAAAAAAAAAAAAAAAAAAAAAAAAAAAAAAAAAAAAAAAAAAAAAAAAAAAP////8AAAAAAAAAAAAAAAAAAgACAAAKIGN1AAAAAAAAAAAAAAAAAAZQYXBlcnMAAgBaLzpVc2VyczpiZW5qYW1pbi5udXNzYmF1bTpEcm9wYm94OlVuaTpfTWFzdGVyOk1hc3RlcmFyYmVpdDpQYXBlcnM6YWR2YW50YWdlc19vZl9kb2NrZXIucGRmAA4AMgAYAGEAZAB2AGEAbgB0AGEAZwBlAHMAXwBvAGYAXwBkAG8AYwBrAGUAcgAuAHAAZABmAA8AGgAMAE0AYQBjAGkAbgB0AG8AcwBoACAASABEABIAWFVzZXJzL2JlbmphbWluLm51c3NiYXVtL0Ryb3Bib3gvVW5pL19NYXN0ZXIvTWFzdGVyYXJiZWl0L1BhcGVycy9hZHZhbnRhZ2VzX29mX2RvY2tlci5wZGYAEwABLwAAFQACABj//wAAgAbSGxwdHlokY2xhc3NuYW1lWCRjbGFzc2VzXU5TTXV0YWJsZURhdGGjHR8gVk5TRGF0YVhOU09iamVjdNIbHCIjXE5TRGljdGlvbmFyeaIiIF8QD05TS2V5ZWRBcmNoaXZlctEmJ1Ryb290gAEACAARABoAIwAtADIANwBAAEYATQBVAGAAZwBqAGwAbgBxAHMAdQB3AIQAjgC2ALsAwwKFAocCjAKXAqACrgKyArkCwgLHAtQC1wLpAuwC8QAAAAAAAAIBAAAAAAAAACgAAAAAAAAAAAAAAAAAAALz},
	Bdsk-Url-1 = {http://urn.fi/URN:NBN:fi:jyu-201512093942}}

@article{bashari,
	Author = {Bashari Rad, Babak and Bhatti, Harrison and Ahmadi, Mohammad},
	Date-Added = {2018-04-20 08:55:25 +0000},
	Date-Modified = {2018-04-20 09:28:56 +0000},
	Journal = {IJCSNS International Journal of Computer Science and Network Security},
	Month = {03},
	Number = {3},
	Pages = {228-235},
	Title = {An Introduction to Docker and Analysis of its Performance},
	Volume = {17},
	Year = {2017},
	Bdsk-File-1 = {YnBsaXN0MDDUAQIDBAUGJCVYJHZlcnNpb25YJG9iamVjdHNZJGFyY2hpdmVyVCR0b3ASAAGGoKgHCBMUFRYaIVUkbnVsbNMJCgsMDxJXTlMua2V5c1pOUy5vYmplY3RzViRjbGFzc6INDoACgAOiEBGABIAFgAdccmVsYXRpdmVQYXRoWWFsaWFzRGF0YV8QJy4uLy4uL1BhcGVycy9JbnRyb2R1Y3Rpb24gdG8gRG9ja2VyLnBkZtIXCxgZV05TLmRhdGFPEQHGAAAAAAHGAAIAAAxNYWNpbnRvc2ggSEQAAAAAAAAAAAAAAAAAAAAAAAAAQkQAAf////8aSW50cm9kdWN0aW9uIHRvIERvY2tlci5wZGYAAAAAAAAAAAAAAAAAAAAAAAAAAAAAAAAAAAAAAAAAAAAAAAAA/////wAAAAAAAAAAAAAAAAACAAIAAAogY3UAAAAAAAAAAAAAAAAABlBhcGVycwACAFwvOlVzZXJzOmJlbmphbWluLm51c3NiYXVtOkRyb3Bib3g6VW5pOl9NYXN0ZXI6TWFzdGVyYXJiZWl0OlBhcGVyczpJbnRyb2R1Y3Rpb24gdG8gRG9ja2VyLnBkZgAOADYAGgBJAG4AdAByAG8AZAB1AGMAdABpAG8AbgAgAHQAbwAgAEQAbwBjAGsAZQByAC4AcABkAGYADwAaAAwATQBhAGMAaQBuAHQAbwBzAGgAIABIAEQAEgBaVXNlcnMvYmVuamFtaW4ubnVzc2JhdW0vRHJvcGJveC9VbmkvX01hc3Rlci9NYXN0ZXJhcmJlaXQvUGFwZXJzL0ludHJvZHVjdGlvbiB0byBEb2NrZXIucGRmABMAAS8AABUAAgAY//8AAIAG0hscHR5aJGNsYXNzbmFtZVgkY2xhc3Nlc11OU011dGFibGVEYXRhox0fIFZOU0RhdGFYTlNPYmplY3TSGxwiI1xOU0RpY3Rpb25hcnmiIiBfEA9OU0tleWVkQXJjaGl2ZXLRJidUcm9vdIABAAgAEQAaACMALQAyADcAQABGAE0AVQBgAGcAagBsAG4AcQBzAHUAdwCEAI4AuAC9AMUCjwKRApYCoQKqArgCvALDAswC0QLeAuEC8wL2AvsAAAAAAAACAQAAAAAAAAAoAAAAAAAAAAAAAAAAAAAC/Q==}}

@inproceedings{villamizar2,
	Abstract = {Large Internet companies like Amazon, Netflix, and LinkedIn are using the microservice architecture pattern to deploy large applications in the cloud as a set of small services that can be developed, tested, deployed, scaled, operated and upgraded independently. However, aside from gaining agility, independent development, and scalability, infrastructure costs are a major concern for companies adopting this pattern. This paper presents a cost comparison of a web application developed and deployed using the same scalable scenarios with three different approaches: 1) a monolithic architecture, 2) a microservice architecture operated by the cloud customer, and 3) a microservice architecture operated by the cloud provider. Test results show that microservices can help reduce infrastructure costs in comparison to standard monolithic architectures. Moreover, the use of services specifically designed to deploy and scale microservices reduces infrastructure costs by 70% or more. Lastly, we also describe the challenges we faced while implementing and deploying microservice applications.},
	Author = {M. Villamizar and O. Garc{\'e}s and L. Ochoa and H. Castro and L. Salamanca and M. Verano and R. Casallas and S. Gil and C. Valencia and A. Zambrano and M. Lang},
	Booktitle = {2016 16th IEEE/ACM International Symposium on Cluster, Cloud and Grid Computing (CCGrid)},
	Date-Added = {2018-04-19 20:19:33 +0000},
	Date-Modified = {2018-04-19 20:20:36 +0000},
	Doi = {10.1109/CCGrid.2016.37},
	Keywords = {Web services;cloud computing;software architecture;AWS lambda;Amazon;Internet companies;LinkedIn;Netflix;Web applications;Web service;cloud computing;cloud customer;cloud provider;infrastructure cost comparison;microservice architecture pattern;monolithic architecture;software architecture;Cloud computing;Companies;Computer architecture;Logic gates;Service-oriented architecture;Time factors;AWS Lambda;Amazon Web Services;cloud computing;microservice architecture;microservices;scalable applications;service oriented architectures;software architecture;software engineering},
	Month = {May},
	Pages = {179-182},
	Title = {Infrastructure Cost Comparison of Running Web Applications in the Cloud Using AWS Lambda and Monolithic and Microservice Architectures},
	Year = {2016},
	Bdsk-File-1 = {YnBsaXN0MDDUAQIDBAUGJCVYJHZlcnNpb25YJG9iamVjdHNZJGFyY2hpdmVyVCR0b3ASAAGGoKgHCBMUFRYaIVUkbnVsbNMJCgsMDxJXTlMua2V5c1pOUy5vYmplY3RzViRjbGFzc6INDoACgAOiEBGABIAFgAdccmVsYXRpdmVQYXRoWWFsaWFzRGF0YV8QPC4uLy4uL1BhcGVycy9JbmZyYXN0cnVjdHVyZSBDb3N0IENvbXBhcmlzb24gbWljcm9zZXJ2aWNlLnBkZtIXCxgZV05TLmRhdGFPEQIcAAAAAAIcAAIAAAxNYWNpbnRvc2ggSEQAAAAAAAAAAAAAAAAAAAAAAAAAQkQAAf////8fSW5mcmFzdHJ1Y3R1cmUgQ29zI0ZGRkZGRkZGLnBkZgAAAAAAAAAAAAAAAAAAAAAAAAAAAAAAAAAAAAAAAAAA/////wAAAAAAAAAAAAAAAAACAAIAAAogY3UAAAAAAAAAAAAAAAAABlBhcGVycwACAHEvOlVzZXJzOmJlbmphbWluLm51c3NiYXVtOkRyb3Bib3g6VW5pOl9NYXN0ZXI6TWFzdGVyYXJiZWl0OlBhcGVyczpJbmZyYXN0cnVjdHVyZSBDb3N0IENvbXBhcmlzb24gbWljcm9zZXJ2aWNlLnBkZgAADgBgAC8ASQBuAGYAcgBhAHMAdAByAHUAYwB0AHUAcgBlACAAQwBvAHMAdAAgAEMAbwBtAHAAYQByAGkAcwBvAG4AIABtAGkAYwByAG8AcwBlAHIAdgBpAGMAZQAuAHAAZABmAA8AGgAMAE0AYQBjAGkAbgB0AG8AcwBoACAASABEABIAb1VzZXJzL2JlbmphbWluLm51c3NiYXVtL0Ryb3Bib3gvVW5pL19NYXN0ZXIvTWFzdGVyYXJiZWl0L1BhcGVycy9JbmZyYXN0cnVjdHVyZSBDb3N0IENvbXBhcmlzb24gbWljcm9zZXJ2aWNlLnBkZgAAEwABLwAAFQACABj//wAAgAbSGxwdHlokY2xhc3NuYW1lWCRjbGFzc2VzXU5TTXV0YWJsZURhdGGjHR8gVk5TRGF0YVhOU09iamVjdNIbHCIjXE5TRGljdGlvbmFyeaIiIF8QD05TS2V5ZWRBcmNoaXZlctEmJ1Ryb290gAEACAARABoAIwAtADIANwBAAEYATQBVAGAAZwBqAGwAbgBxAHMAdQB3AIQAjgDNANIA2gL6AvwDAQMMAxUDIwMnAy4DNwM8A0kDTANeA2EDZgAAAAAAAAIBAAAAAAAAACgAAAAAAAAAAAAAAAAAAANo},
	Bdsk-Url-1 = {https://doi.org/10.1109/CCGrid.2016.37}}

@inproceedings{villamizar,
	Abstract = {Cloud computing provides new opportunities to deploy scalable application in an efficient way, allowing enterprise applications to dynamically adjust their computing resources on demand. In this paper we analyze and test the microservice architecture pattern, used during the last years by large Internet companies like Amazon, Netflix and LinkedIn to deploy large applications in the cloud as a set of small services that can be developed, tested, deployed, scaled, operated and upgraded independently, allowing these companies to gain agility, reduce complexity and scale their applications in the cloud in a more efficient way. We present a case study where an enterprise application was developed and deployed in the cloud using a monolithic approach and a microservice architecture using the Play web framework. We show the results of performance tests executed on both applications, and we describe the benefits and challenges that existing enterprises can get and face when they implement microservices in their applications.},
	Author = {M. Villamizar and O. Garc{\'e}s and H. Castro and M. Verano and L. Salamanca and R. Casallas and S. Gil},
	Booktitle = {2015 10th Computing Colombian Conference (10CCC)},
	Date-Added = {2018-04-19 20:17:52 +0000},
	Date-Modified = {2018-04-19 20:18:45 +0000},
	Doi = {10.1109/ColumbianCC.2015.7333476},
	Keywords = {cloud computing;software architecture;Internet companies;Play Web framework;Web applications;cloud computing;enterprise applications;microservice architecture pattern;monolithic architecture pattern;Cloud computing;Companies;Complexity theory;Computer architecture;Service-oriented architecture;IaaS;PaaS;SOA;cloud computing;continuous delivery;infrastructure as a services;microservice architecture;microservices;platform as a service;scalable applications;service oriented architectures;software architecture;software engineering},
	Month = {Sept},
	Pages = {583-590},
	Title = {Evaluating the monolithic and the microservice architecture pattern to deploy web applications in the cloud},
	Year = {2015},
	Bdsk-File-1 = {YnBsaXN0MDDUAQIDBAUGJCVYJHZlcnNpb25YJG9iamVjdHNZJGFyY2hpdmVyVCR0b3ASAAGGoKgHCBMUFRYaIVUkbnVsbNMJCgsMDxJXTlMua2V5c1pOUy5vYmplY3RzViRjbGFzc6INDoACgAOiEBGABIAFgAdccmVsYXRpdmVQYXRoWWFsaWFzRGF0YV8QVC4uLy4uL1BhcGVycy9FdmFsdWF0aW5nIHRoZSBNb25vbGl0aGljIGFuZCB0aGUgTWljcm9zZXJ2aWNlIEFyY2hpdGVjdHVyZSBQYXR0ZXJuLnBkZtIXCxgZV05TLmRhdGFPEQJ8AAAAAAJ8AAIAAAxNYWNpbnRvc2ggSEQAAAAAAAAAAAAAAAAAAAAAAAAAQkQAAf////8fRXZhbHVhdGluZyB0aGUgTW9uI0ZGRkZGRkZGLnBkZgAAAAAAAAAAAAAAAAAAAAAAAAAAAAAAAAAAAAAAAAAA/////wAAAAAAAAAAAAAAAAACAAIAAAogY3UAAAAAAAAAAAAAAAAABlBhcGVycwACAIkvOlVzZXJzOmJlbmphbWluLm51c3NiYXVtOkRyb3Bib3g6VW5pOl9NYXN0ZXI6TWFzdGVyYXJiZWl0OlBhcGVyczpFdmFsdWF0aW5nIHRoZSBNb25vbGl0aGljIGFuZCB0aGUgTWljcm9zZXJ2aWNlIEFyY2hpdGVjdHVyZSBQYXR0ZXJuLnBkZgAADgCQAEcARQB2AGEAbAB1AGEAdABpAG4AZwAgAHQAaABlACAATQBvAG4AbwBsAGkAdABoAGkAYwAgAGEAbgBkACAAdABoAGUAIABNAGkAYwByAG8AcwBlAHIAdgBpAGMAZQAgAEEAcgBjAGgAaQB0AGUAYwB0AHUAcgBlACAAUABhAHQAdABlAHIAbgAuAHAAZABmAA8AGgAMAE0AYQBjAGkAbgB0AG8AcwBoACAASABEABIAh1VzZXJzL2JlbmphbWluLm51c3NiYXVtL0Ryb3Bib3gvVW5pL19NYXN0ZXIvTWFzdGVyYXJiZWl0L1BhcGVycy9FdmFsdWF0aW5nIHRoZSBNb25vbGl0aGljIGFuZCB0aGUgTWljcm9zZXJ2aWNlIEFyY2hpdGVjdHVyZSBQYXR0ZXJuLnBkZgAAEwABLwAAFQACABj//wAAgAbSGxwdHlokY2xhc3NuYW1lWCRjbGFzc2VzXU5TTXV0YWJsZURhdGGjHR8gVk5TRGF0YVhOU09iamVjdNIbHCIjXE5TRGljdGlvbmFyeaIiIF8QD05TS2V5ZWRBcmNoaXZlctEmJ1Ryb290gAEACAARABoAIwAtADIANwBAAEYATQBVAGAAZwBqAGwAbgBxAHMAdQB3AIQAjgDlAOoA8gNyA3QDeQOEA40DmwOfA6YDrwO0A8EDxAPWA9kD3gAAAAAAAAIBAAAAAAAAACgAAAAAAAAAAAAAAAAAAAPg},
	Bdsk-Url-1 = {https://doi.org/10.1109/ColumbianCC.2015.7333476}}

@article{YAMAZAKI2011693,
	Abstract = {For multi-scale and multi-modal neural modeling, it is needed to handle multiple neural models described at different levels seamlessly. Database technology will become more important for these studies, specifically for downloading and handling the neural models seamlessly and effortlessly. To date, conventional neuroinformatics databases have solely been designed to archive model files, but the databases should provide a chance for users to validate the models before downloading them. In this paper, we report our on-going project to develop a cloud-based web service for online simulation called ``Simulation Platform''. Simulation Platform is a cloud of virtual machines running GNU/Linux. On a virtual machine, various software including developer tools such as compilers and libraries, popular neural simulators such as GENESIS, NEURON and NEST, and scientific software such as Gnuplot, R and Octave, are pre-installed. When a user posts a request, a virtual machine is assigned to the user, and the simulation starts on that machine. The user remotely accesses to the machine through a web browser and carries out the simulation, without the need to install any software but a web browser on the user's own computer. Therefore, Simulation Platform is expected to eliminate impediments to handle multiple neural models that require multiple software.},
	Author = {Tadashi Yamazaki and Hidetoshi Ikeno and Yoshihiro Okumura and Shunji Satoh and Yoshimi Kamiyama and Yutaka Hirata and Keiichiro Inagaki and Akito Ishihara and Takayuki Kannon and Shiro Usui},
	Date-Added = {2018-04-14 19:37:23 +0000},
	Date-Modified = {2018-04-14 19:37:23 +0000},
	Doi = {https://doi.org/10.1016/j.neunet.2011.06.010},
	Issn = {0893-6080},
	Journal = {Neural Networks},
	Keywords = {Neuroinformatics, Online simulation, Cloud computing, Virtual machine},
	Number = {7},
	Pages = {693 - 698},
	Title = {Simulation Platform: A cloud-based online simulation environment},
	Url = {http://www.sciencedirect.com/science/article/pii/S0893608011001705},
	Volume = {24},
	Year = {2011},
	Bdsk-File-1 = {YnBsaXN0MDDUAQIDBAUGJCVYJHZlcnNpb25YJG9iamVjdHNZJGFyY2hpdmVyVCR0b3ASAAGGoKgHCBMUFRYaIVUkbnVsbNMJCgsMDxJXTlMua2V5c1pOUy5vYmplY3RzViRjbGFzc6INDoACgAOiEBGABIAFgAdccmVsYXRpdmVQYXRoWWFsaWFzRGF0YV8QUi4uLy4uL1BhcGVycy9TaW11bGF0aW9uIFBsYXRmb3JtIC0gQSBjbG91ZC1iYXNlZCBvbmxpbmUgc2ltdWxhdGlvbiBlbnZpcm9ubWVudC5wZGbSFwsYGVdOUy5kYXRhTxECdAAAAAACdAACAAAMTWFjaW50b3NoIEhEAAAAAAAAAAAAAAAAAAAAAAAAAEJEAAH/////H1NpbXVsYXRpb24gUGxhdGZvciNGRkZGRkZGRi5wZGYAAAAAAAAAAAAAAAAAAAAAAAAAAAAAAAAAAAAAAAAAAP////8AAAAAAAAAAAAAAAAAAgACAAAKIGN1AAAAAAAAAAAAAAAAAAZQYXBlcnMAAgCHLzpVc2VyczpiZW5qYW1pbi5udXNzYmF1bTpEcm9wYm94OlVuaTpfTWFzdGVyOk1hc3RlcmFyYmVpdDpQYXBlcnM6U2ltdWxhdGlvbiBQbGF0Zm9ybSAtIEEgY2xvdWQtYmFzZWQgb25saW5lIHNpbXVsYXRpb24gZW52aXJvbm1lbnQucGRmAAAOAIwARQBTAGkAbQB1AGwAYQB0AGkAbwBuACAAUABsAGEAdABmAG8AcgBtACAALQAgAEEAIABjAGwAbwB1AGQALQBiAGEAcwBlAGQAIABvAG4AbABpAG4AZQAgAHMAaQBtAHUAbABhAHQAaQBvAG4AIABlAG4AdgBpAHIAbwBuAG0AZQBuAHQALgBwAGQAZgAPABoADABNAGEAYwBpAG4AdABvAHMAaAAgAEgARAASAIVVc2Vycy9iZW5qYW1pbi5udXNzYmF1bS9Ecm9wYm94L1VuaS9fTWFzdGVyL01hc3RlcmFyYmVpdC9QYXBlcnMvU2ltdWxhdGlvbiBQbGF0Zm9ybSAtIEEgY2xvdWQtYmFzZWQgb25saW5lIHNpbXVsYXRpb24gZW52aXJvbm1lbnQucGRmAAATAAEvAAAVAAIAGP//AACABtIbHB0eWiRjbGFzc25hbWVYJGNsYXNzZXNdTlNNdXRhYmxlRGF0YaMdHyBWTlNEYXRhWE5TT2JqZWN00hscIiNcTlNEaWN0aW9uYXJ5oiIgXxAPTlNLZXllZEFyY2hpdmVy0SYnVHJvb3SAAQAIABEAGgAjAC0AMgA3AEAARgBNAFUAYABnAGoAbABuAHEAcwB1AHcAhACOAOMA6ADwA2gDagNvA3oDgwORA5UDnAOlA6oDtwO6A8wDzwPUAAAAAAAAAgEAAAAAAAAAKAAAAAAAAAAAAAAAAAAAA9Y=},
	Bdsk-Url-1 = {http://www.sciencedirect.com/science/article/pii/S0893608011001705},
	Bdsk-Url-2 = {https://doi.org/10.1016/j.neunet.2011.06.010}}

@article{samuel-ml,
	Abstract = {Two machine-learning procedures have been investigated in some detail using the game of checkers. Enough work has been done to verify the fact that a computer can be programmed so that it will learn to play a better game of checkers than can be played by the person who wrote the program. Furthermore, it can learn to do this in a remarkably short period of time (8 or 10 hours of machine-playing time) when given only the rules of the game, a sense of direction, and a redundant and incomplete list of parameters which are thought to have something to do with the game, but whose correct signs and relative weights are unknown and unspecified. The principles of machine learning verified by these experiments are, of course, applicable to many other situations.},
	Author = {A. L. Samuel},
	Date-Added = {2018-04-14 14:34:44 +0000},
	Date-Modified = {2018-04-14 14:34:59 +0000},
	Doi = {10.1147/rd.33.0210},
	Issn = {0018-8646},
	Journal = {IBM Journal of Research and Development},
	Month = {July},
	Number = {3},
	Pages = {210-229},
	Title = {Some Studies in Machine Learning Using the Game of Checkers},
	Volume = {3},
	Year = {1959},
	Bdsk-File-1 = {YnBsaXN0MDDUAQIDBAUGJCVYJHZlcnNpb25YJG9iamVjdHNZJGFyY2hpdmVyVCR0b3ASAAGGoKgHCBMUFRYaIVUkbnVsbNMJCgsMDxJXTlMua2V5c1pOUy5vYmplY3RzViRjbGFzc6INDoACgAOiEBGABIAFgAdccmVsYXRpdmVQYXRoWWFsaWFzRGF0YV8QVS4uLy4uL1BhcGVycy9Tb21lIFN0dWRpZXMgaW4gTWFjaGluZSBMZWFybmluZyBVc2luZyB0aGUgR2FtZSBvZiBDaGVja2VycyAtIHNhbXVlbC5wZGbSFwsYGVdOUy5kYXRhTxECfgAAAAACfgACAAAMTWFjaW50b3NoIEhEAAAAAAAAAAAAAAAAAAAAAAAAAEJEAAH/////H1NvbWUgU3R1ZGllcyBpbiBNYSNGRkZGRkZGRi5wZGYAAAAAAAAAAAAAAAAAAAAAAAAAAAAAAAAAAAAAAAAAAP////8AAAAAAAAAAAAAAAAAAgACAAAKIGN1AAAAAAAAAAAAAAAAAAZQYXBlcnMAAgCKLzpVc2VyczpiZW5qYW1pbi5udXNzYmF1bTpEcm9wYm94OlVuaTpfTWFzdGVyOk1hc3RlcmFyYmVpdDpQYXBlcnM6U29tZSBTdHVkaWVzIGluIE1hY2hpbmUgTGVhcm5pbmcgVXNpbmcgdGhlIEdhbWUgb2YgQ2hlY2tlcnMgLSBzYW11ZWwucGRmAA4AkgBIAFMAbwBtAGUAIABTAHQAdQBkAGkAZQBzACAAaQBuACAATQBhAGMAaABpAG4AZQAgAEwAZQBhAHIAbgBpAG4AZwAgAFUAcwBpAG4AZwAgAHQAaABlACAARwBhAG0AZQAgAG8AZgAgAEMAaABlAGMAawBlAHIAcwAgAC0AIABzAGEAbQB1AGUAbAAuAHAAZABmAA8AGgAMAE0AYQBjAGkAbgB0AG8AcwBoACAASABEABIAiFVzZXJzL2JlbmphbWluLm51c3NiYXVtL0Ryb3Bib3gvVW5pL19NYXN0ZXIvTWFzdGVyYXJiZWl0L1BhcGVycy9Tb21lIFN0dWRpZXMgaW4gTWFjaGluZSBMZWFybmluZyBVc2luZyB0aGUgR2FtZSBvZiBDaGVja2VycyAtIHNhbXVlbC5wZGYAEwABLwAAFQACABj//wAAgAbSGxwdHlokY2xhc3NuYW1lWCRjbGFzc2VzXU5TTXV0YWJsZURhdGGjHR8gVk5TRGF0YVhOU09iamVjdNIbHCIjXE5TRGljdGlvbmFyeaIiIF8QD05TS2V5ZWRBcmNoaXZlctEmJ1Ryb290gAEACAARABoAIwAtADIANwBAAEYATQBVAGAAZwBqAGwAbgBxAHMAdQB3AIQAjgDmAOsA8wN1A3cDfAOHA5ADngOiA6kDsgO3A8QDxwPZA9wD4QAAAAAAAAIBAAAAAAAAACgAAAAAAAAAAAAAAAAAAAPj},
	Bdsk-Url-1 = {http://dx.doi.org/10.1147/rd.33.0210}}

@book{Hightower:2017,
	Abstract = {Legend has it that Google deploys over two billion application containers a week. Hows that possible? Google revealed the secret through a project called Kubernetes, an open source cluster orchestrator (based on its internal Borg system) that radically simplifies the task of building, deploying, and maintaining scalable distributed systems in the cloud. This practical guide shows you how Kubernetes and container technology can help you achieve new levels of velocity, agility, reliability, and efficiency. Authors Kelsey Hightower, Brendan Burns, and Joe Bedawhove worked on Kubernetes at Google and other organizatons explain how this system fits into the lifecycle of a distributed application. You will learn how to use tools and APIs to automate scalable distributed systems, whether it is for online services, machine-learning applications, or a cluster of Raspberry Pi computers. Explore the distributed system challenges that Kubernetes addresses Dive into containerized application development, using containers such as Docker Create and run containers on Kubernetes, using the docker image format and container runtime Explore specialized objects essential for running applications in production Reliably roll out new software versions without downtime or errors Get examples of how to develop and deploy real-world applications in Kubernetes},
	Author = {Hightower, Kelsey and Burns, Brendan and Beda, Joe},
	Date-Added = {2018-04-14 13:58:01 +0000},
	Date-Modified = {2018-04-14 14:13:14 +0000},
	Edition = {1st},
	Isbn = {1491935677, 9781491935675},
	Publisher = {O'Reilly Media, Inc.},
	Title = {Kubernetes: Up and Running Dive into the Future of Infrastructure},
	Url = {https://books.google.at/books?id=K5Q0DwAAQBAJ&lpg=PP1&dq=Kubernetes%3A%20Up%20and%20Running&hl=de&pg=PP1#v=onepage&q=Kubernetes:%20Up%20and%20Running&f=false},
	Year = {2017},
	Bdsk-Url-1 = {https://books.google.at/books?id=K5Q0DwAAQBAJ&lpg=PP1&dq=Kubernetes%3A%20Up%20and%20Running&hl=de&pg=PP1#v=onepage&q=Kubernetes:%20Up%20and%20Running&f=false}}

@misc{kub-azure,
	Date-Added = {2018-04-14 13:52:04 +0000},
	Date-Modified = {2018-04-14 14:38:04 +0000},
	Journal = {ICT Monitor Worldwide},
	Keywords = {Technology: Comprehensive Works; Infrastructure; Workloads},
	Language = {English},
	Month = {Aug 18},
	Note = {Copyright - {\copyright} 2017 Global Data Point. All Rights Reserved. Provided by SyndiGate Media Inc. (Syndigate.info); Last updated - 2017-08-18},
	Title = {CoreOS extends Kubernetes to Microsoft Azure},
	Url = {https://search-proquest-com.uaccess.univie.ac.at/docview/1929725225?accountid=14682},
	Year = {2017},
	Bdsk-Url-1 = {https://search-proquest-com.uaccess.univie.ac.at/docview/1929725225?accountid=14682}}

@book{baier-kub,
	Annote = {https://www.amazon.com/Getting-Started-Kubernetes-Jonathan-Baier-ebook/dp/B017XSFL1Y?SubscriptionId=0JYN1NVW651KCA56C102&tag=techkie-20&linkCode=xm2&camp=2025&creative=165953&creativeASIN=B017XSFL1Y},
	Author = {Jonathan Baier},
	Date-Added = {2018-04-14 13:25:33 +0000},
	Date-Modified = {2018-04-14 20:19:31 +0000},
	Publisher = {Packt Publishing},
	Title = {Getting Started with Kubernetes},
	Year = {2015},
	Bdsk-Url-1 = {https://www.amazon.com/Getting-Started-Kubernetes-Jonathan-Baier-ebook/dp/B017XSFL1Y?SubscriptionId=0JYN1NVW651KCA56C102&tag=techkie-20&linkCode=xm2&camp=2025&creative=165953&creativeASIN=B017XSFL1Y}}

@article{Burns:2016uq,
	Author = {Brendan Burns and Brian Grant and David Oppenheimer and Eric Brewer and John Wilkes},
	Date-Added = {2018-04-14 11:37:22 +0000},
	Date-Modified = {2018-04-14 11:37:22 +0000},
	Doi = {10.1145/2890784},
	Journal = {Communications of the {ACM}},
	Month = {apr},
	Number = {5},
	Pages = {50--57},
	Publisher = {Association for Computing Machinery ({ACM})},
	Title = {Borg, Omega, and Kubernetes},
	Url = {https://doi.org/10.1145\%2F2890784},
	Volume = {59},
	Year = 2016,
	Bdsk-File-1 = {YnBsaXN0MDDUAQIDBAUGJCVYJHZlcnNpb25YJG9iamVjdHNZJGFyY2hpdmVyVCR0b3ASAAGGoKgHCBMUFRYaIVUkbnVsbNMJCgsMDxJXTlMua2V5c1pOUy5vYmplY3RzViRjbGFzc6INDoACgAOiEBGABIAFgAdccmVsYXRpdmVQYXRoWWFsaWFzRGF0YV8QJi4uLy4uL1BhcGVycy9ib3JnX29tZWdhX2t1YmVybmV0ZXMucGRm0hcLGBlXTlMuZGF0YU8RAcQAAAAAAcQAAgAADE1hY2ludG9zaCBIRAAAAAAAAAAAAAAAAAAAAAAAAABCRAAB/////xlib3JnX29tZWdhX2t1YmVybmV0ZXMucGRmAAAAAAAAAAAAAAAAAAAAAAAAAAAAAAAAAAAAAAAAAAAAAAAAAAD/////AAAAAAAAAAAAAAAAAAIAAgAACiBjdQAAAAAAAAAAAAAAAAAGUGFwZXJzAAIAWy86VXNlcnM6YmVuamFtaW4ubnVzc2JhdW06RHJvcGJveDpVbmk6X01hc3RlcjpNYXN0ZXJhcmJlaXQ6UGFwZXJzOmJvcmdfb21lZ2Ffa3ViZXJuZXRlcy5wZGYAAA4ANAAZAGIAbwByAGcAXwBvAG0AZQBnAGEAXwBrAHUAYgBlAHIAbgBlAHQAZQBzAC4AcABkAGYADwAaAAwATQBhAGMAaQBuAHQAbwBzAGgAIABIAEQAEgBZVXNlcnMvYmVuamFtaW4ubnVzc2JhdW0vRHJvcGJveC9VbmkvX01hc3Rlci9NYXN0ZXJhcmJlaXQvUGFwZXJzL2Jvcmdfb21lZ2Ffa3ViZXJuZXRlcy5wZGYAABMAAS8AABUAAgAY//8AAIAG0hscHR5aJGNsYXNzbmFtZVgkY2xhc3Nlc11OU011dGFibGVEYXRhox0fIFZOU0RhdGFYTlNPYmplY3TSGxwiI1xOU0RpY3Rpb25hcnmiIiBfEA9OU0tleWVkQXJjaGl2ZXLRJidUcm9vdIABAAgAEQAaACMALQAyADcAQABGAE0AVQBgAGcAagBsAG4AcQBzAHUAdwCEAI4AtwC8AMQCjAKOApMCngKnArUCuQLAAskCzgLbAt4C8ALzAvgAAAAAAAACAQAAAAAAAAAoAAAAAAAAAAAAAAAAAAAC+g==},
	Bdsk-Url-1 = {https://doi.org/10.1145%5C%2F2890784},
	Bdsk-Url-2 = {http://dx.doi.org/10.1145/2890784},
	Bdsk-Url-3 = {https://doi.org/10.1145/2890784}}

@article{Bernstein:2014fk,
	Author = {David Bernstein},
	Date-Added = {2018-04-14 11:32:15 +0000},
	Date-Modified = {2018-04-14 11:32:15 +0000},
	Doi = {10.1109/mcc.2014.51},
	Journal = {{IEEE} Cloud Computing},
	Month = {sep},
	Number = {3},
	Pages = {81--84},
	Publisher = {Institute of Electrical and Electronics Engineers ({IEEE})},
	Title = {Containers and Cloud: From {LXC} to Docker to Kubernetes},
	Url = {https://doi.org/10.1109\%2Fmcc.2014.51},
	Volume = {1},
	Year = 2014,
	Bdsk-File-1 = {YnBsaXN0MDDUAQIDBAUGJCVYJHZlcnNpb25YJG9iamVjdHNZJGFyY2hpdmVyVCR0b3ASAAGGoKgHCBMUFRYaIVUkbnVsbNMJCgsMDxJXTlMua2V5c1pOUy5vYmplY3RzViRjbGFzc6INDoACgAOiEBGABIAFgAdccmVsYXRpdmVQYXRoWWFsaWFzRGF0YV8QGS4uLy4uL1BhcGVycy8wNzAzNjI3NS5wZGbSFwsYGVdOUy5kYXRhTxEBjgAAAAABjgACAAAMTWFjaW50b3NoIEhEAAAAAAAAAAAAAAAAAAAAAAAAAEJEAAH/////DDA3MDM2Mjc1LnBkZgAAAAAAAAAAAAAAAAAAAAAAAAAAAAAAAAAAAAAAAAAAAAAAAAAAAAAAAAAAAAAAAAAAAP////8AAAAAAAAAAAAAAAAAAgACAAAKIGN1AAAAAAAAAAAAAAAAAAZQYXBlcnMAAgBOLzpVc2VyczpiZW5qYW1pbi5udXNzYmF1bTpEcm9wYm94OlVuaTpfTWFzdGVyOk1hc3RlcmFyYmVpdDpQYXBlcnM6MDcwMzYyNzUucGRmAA4AGgAMADAANwAwADMANgAyADcANQAuAHAAZABmAA8AGgAMAE0AYQBjAGkAbgB0AG8AcwBoACAASABEABIATFVzZXJzL2JlbmphbWluLm51c3NiYXVtL0Ryb3Bib3gvVW5pL19NYXN0ZXIvTWFzdGVyYXJiZWl0L1BhcGVycy8wNzAzNjI3NS5wZGYAEwABLwAAFQACABj//wAAgAbSGxwdHlokY2xhc3NuYW1lWCRjbGFzc2VzXU5TTXV0YWJsZURhdGGjHR8gVk5TRGF0YVhOU09iamVjdNIbHCIjXE5TRGljdGlvbmFyeaIiIF8QD05TS2V5ZWRBcmNoaXZlctEmJ1Ryb290gAEACAARABoAIwAtADIANwBAAEYATQBVAGAAZwBqAGwAbgBxAHMAdQB3AIQAjgCqAK8AtwJJAksCUAJbAmQCcgJ2An0ChgKLApgCmwKtArACtQAAAAAAAAIBAAAAAAAAACgAAAAAAAAAAAAAAAAAAAK3},
	Bdsk-Url-1 = {https://doi.org/10.1109%5C%2Fmcc.2014.51},
	Bdsk-Url-2 = {http://dx.doi.org/10.1109/mcc.2014.51},
	Bdsk-Url-3 = {https://doi.org/10.1109/mcc.2014.51}}

@techreport{crisp,
	Author = {Bj{\"o}rn B{\"o}ttcher, Daniel Klemm, Dr. Carlo Velten},
	Date-Added = {2018-04-13 08:44:15 +0000},
	Date-Modified = {2018-04-14 09:21:31 +0000},
	Institution = {Crisp Research AG},
	Title = {Machine Learning im Unternehmenseinsatz},
	Url = {https://www.unbelievable-machine.com/downloads/studie-machine-learning.pdf},
	Year = {2016},
	Bdsk-File-1 = {YnBsaXN0MDDUAQIDBAUGJCVYJHZlcnNpb25YJG9iamVjdHNZJGFyY2hpdmVyVCR0b3ASAAGGoKgHCBMUFRYaIVUkbnVsbNMJCgsMDxJXTlMua2V5c1pOUy5vYmplY3RzViRjbGFzc6INDoACgAOiEBGABIAFgAdccmVsYXRpdmVQYXRoWWFsaWFzRGF0YV8QKC4uLy4uL1BhcGVycy9zdHVkaWUtbWFjaGluZS1sZWFybmluZy5wZGbSFwsYGVdOUy5kYXRhTxEBzAAAAAABzAACAAAMTWFjaW50b3NoIEhEAAAAAAAAAAAAAAAAAAAAAAAAAEJEAAH/////G3N0dWRpZS1tYWNoaW5lLWxlYXJuaW5nLnBkZgAAAAAAAAAAAAAAAAAAAAAAAAAAAAAAAAAAAAAAAAAAAAAAAP////8AAAAAAAAAAAAAAAAAAgACAAAKIGN1AAAAAAAAAAAAAAAAAAZQYXBlcnMAAgBdLzpVc2VyczpiZW5qYW1pbi5udXNzYmF1bTpEcm9wYm94OlVuaTpfTWFzdGVyOk1hc3RlcmFyYmVpdDpQYXBlcnM6c3R1ZGllLW1hY2hpbmUtbGVhcm5pbmcucGRmAAAOADgAGwBzAHQAdQBkAGkAZQAtAG0AYQBjAGgAaQBuAGUALQBsAGUAYQByAG4AaQBuAGcALgBwAGQAZgAPABoADABNAGEAYwBpAG4AdABvAHMAaAAgAEgARAASAFtVc2Vycy9iZW5qYW1pbi5udXNzYmF1bS9Ecm9wYm94L1VuaS9fTWFzdGVyL01hc3RlcmFyYmVpdC9QYXBlcnMvc3R1ZGllLW1hY2hpbmUtbGVhcm5pbmcucGRmAAATAAEvAAAVAAIAGP//AACABtIbHB0eWiRjbGFzc25hbWVYJGNsYXNzZXNdTlNNdXRhYmxlRGF0YaMdHyBWTlNEYXRhWE5TT2JqZWN00hscIiNcTlNEaWN0aW9uYXJ5oiIgXxAPTlNLZXllZEFyY2hpdmVy0SYnVHJvb3SAAQAIABEAGgAjAC0AMgA3AEAARgBNAFUAYABnAGoAbABuAHEAcwB1AHcAhACOALkAvgDGApYCmAKdAqgCsQK/AsMCygLTAtgC5QLoAvoC/QMCAAAAAAAAAgEAAAAAAAAAKAAAAAAAAAAAAAAAAAAAAwQ=},
	Bdsk-Url-1 = {https://www.unbelievable-machine.com/downloads/studie-machine-learning.pdf}}

@misc{kub_whatis,
	Author = {The Kubernetes Authors},
	Date-Modified = {2018-05-10 01:05:54 +0000},
	F1000-Projects = {Masterthesis},
	Title = {What is Kubernetes?},
	Type = {WEBSITE},
	Url = {https://kubernetes.io/docs/concepts/overview/what-is-kubernetes/},
	Urldate = {2018-04-12},
	Bdsk-Url-1 = {https://kubernetes.io/docs/concepts/overview/what-is-kubernetes/}}

@url{kub_intro,
	Author = {Justin Ellingwood},
	Date-Modified = {2018-05-11 20:11:02 +0000},
	F1000-Projects = {Masterthesis},
	Lastchecked = {2018-05-08},
	Title = {An Introduction to Kubernetes - DigitalOcean},
	Type = {WEBSITE},
	Url = {https://www.digitalocean.com/community/tutorials/an-introduction-to-kubernetes},
	Urldate = {2018-04-12},
	Year = {2016},
	Bdsk-File-1 = {YnBsaXN0MDDUAQIDBAUGJCVYJHZlcnNpb25YJG9iamVjdHNZJGFyY2hpdmVyVCR0b3ASAAGGoKgHCBMUFRYaIVUkbnVsbNMJCgsMDxJXTlMua2V5c1pOUy5vYmplY3RzViRjbGFzc6INDoACgAOiEBGABIAFgAdccmVsYXRpdmVQYXRoWWFsaWFzRGF0YV8QPS4uLy4uL1BhcGVycy9BbiBJbnRyb2R1Y3Rpb24gdG8gS3ViZXJuZXRlcyAtIERpZ2l0YWxPY2Vhbi5wZGbSFwsYGVdOUy5kYXRhTxECHgAAAAACHgACAAAMTWFjaW50b3NoIEhEAAAAAAAAAAAAAAAAAAAAAAAAAEJEAAH/////H0FuIEludHJvZHVjdGlvbiB0byNGRkZGRkZGRi5wZGYAAAAAAAAAAAAAAAAAAAAAAAAAAAAAAAAAAAAAAAAAAP////8AAAAAAAAAAAAAAAAAAgACAAAKIGN1AAAAAAAAAAAAAAAAAAZQYXBlcnMAAgByLzpVc2VyczpiZW5qYW1pbi5udXNzYmF1bTpEcm9wYm94OlVuaTpfTWFzdGVyOk1hc3RlcmFyYmVpdDpQYXBlcnM6QW4gSW50cm9kdWN0aW9uIHRvIEt1YmVybmV0ZXMgLSBEaWdpdGFsT2NlYW4ucGRmAA4AYgAwAEEAbgAgAEkAbgB0AHIAbwBkAHUAYwB0AGkAbwBuACAAdABvACAASwB1AGIAZQByAG4AZQB0AGUAcwAgAC0AIABEAGkAZwBpAHQAYQBsAE8AYwBlAGEAbgAuAHAAZABmAA8AGgAMAE0AYQBjAGkAbgB0AG8AcwBoACAASABEABIAcFVzZXJzL2JlbmphbWluLm51c3NiYXVtL0Ryb3Bib3gvVW5pL19NYXN0ZXIvTWFzdGVyYXJiZWl0L1BhcGVycy9BbiBJbnRyb2R1Y3Rpb24gdG8gS3ViZXJuZXRlcyAtIERpZ2l0YWxPY2Vhbi5wZGYAEwABLwAAFQACABj//wAAgAbSGxwdHlokY2xhc3NuYW1lWCRjbGFzc2VzXU5TTXV0YWJsZURhdGGjHR8gVk5TRGF0YVhOU09iamVjdNIbHCIjXE5TRGljdGlvbmFyeaIiIF8QD05TS2V5ZWRBcmNoaXZlctEmJ1Ryb290gAEACAARABoAIwAtADIANwBAAEYATQBVAGAAZwBqAGwAbgBxAHMAdQB3AIQAjgDOANMA2wL9Av8DBAMPAxgDJgMqAzEDOgM/A0wDTwNhA2QDaQAAAAAAAAIBAAAAAAAAACgAAAAAAAAAAAAAAAAAAANr},
	Bdsk-Url-1 = {https://www.digitalocean.com/community/tutorials/an-introduction-to-kubernetes}}

@misc{evans,
	Author = {{Evans Data Corporation}},
	Date-Modified = {2018-04-14 20:17:23 +0000},
	F1000-Projects = {Masterthesis},
	Title = {AI, ML, and Big Data Survey 2017, Vol. 2},
	Type = {WEBSITE},
	Url = {https://evansdata.com/reports/viewRelease.php?reportID=37},
	Urldate = {2018-04-12},
	Year = {2017},
	Bdsk-Url-1 = {https://evansdata.com/reports/viewRelease.php?reportID=37}}

@inproceedings{beran_2008,
	Author = {P. P. Beran and E. Vinek and E. Schikuta and T. Weishaupl},
	Booktitle = {2008 IEEE International Joint Conference on Neural Networks (IEEE World Congress on Computational Intelligence)},
	Doi = {10.1109/IJCNN.2008.4634053},
	Issn = {2161-4393},
	Keywords = {XML;client-server systems;grid computing;neural nets;specification languages;N2Grid;ViNNSL;Vienna neural network specification language;dynamic client-server communication;grid infrastructure;proof-of-concept the language;world wide distribution;Artificial neural networks;Collaboration;Computational modeling;Computer networks;Distributed computing;Grid computing;Neural networks;Service oriented architecture;Specification languages;XML},
	Month = {June},
	Pages = {1872-1879},
	Title = {ViNNSL - the Vienna Neural Network Specification Language},
	Year = {2008},
	Bdsk-Url-1 = {https://doi.org/10.1109/IJCNN.2008.4634053}}

@inproceedings{schikuta_2013,
	Author = {Schikuta, Erich and Mann, Erwin},
	Booktitle = {The 2013 International Joint Conference on Neural Networks (IJCNN)},
	Date-Modified = {2018-04-13 07:53:52 +0000},
	Day = {4},
	Doi = {10.1109/IJCNN.2013.6707113},
	F1000-Projects = {Masterthesis},
	Isbn = {978-1-4673-6129-3},
	Month = {aug},
	Pages = {1-8},
	Publisher = {IEEE},
	Title = {N2Sky - Neural networks as services in the clouds},
	Url = {http://ieeexplore.ieee.org/lpdocs/epic03/wrapper.htm?arnumber=6707113},
	Urldate = {2018-04-12},
	Year = {2013},
	Bdsk-Url-1 = {http://ieeexplore.ieee.org/lpdocs/epic03/wrapper.htm?arnumber=6707113},
	Bdsk-Url-2 = {https://doi.org/10.1109/IJCNN.2013.6707113}}

@inproceedings{schikuta_2015,
	Abstract = {The Vienna Neural Network Specification Language (ViNNSL) is an XML based domain specific language for the description of neural network objects. It proved very well as communication framework in service-oriented architecture based neural network simulation environments, as N2Sky. N2Sky is a virtual organization (VO) environment based on the sky computing paradigm. It allows the creation, training, evaluation of artificial neural networks by leveraging arbitrary resources in federated clouds and the exchange of these objects between stakeholders of the VO on a world-wide basis. In this paper we present two novel extensions of ViNNSL to allow a higher degree of knowledge representation. First, we enable ViNNSL to describe the specific application domain of trained neural networks to identify their problem solution capacity. Second, we attribute the description of an instantiated and trained neural network by describing its execution paradigm, sequential and parallel, and the specific necessary infrastructure, hardware and software environment, for processing. These two extensions allow on the one hand for querying and finding neural network instantiations in N2Sky for specific problems, and on the other hand for improving the execution performance of networks by exploiting parallelization approaches transparently to the user.},
	Author = {Schikuta, Erich and Huqqani, Altaf and Kopica, Thomas},
	Booktitle = {2015 International Joint Conference on Neural Networks (IJCNN)},
	Day = {12},
	Doi = {10.1109/IJCNN.2015.7280667},
	F1000-Projects = {Masterthesis},
	Isbn = {978-1-4799-1960-4},
	Month = {jul},
	Pages = {1-8},
	Publisher = {IEEE},
	Title = {Semantic extensions to the Vienna Neural Network Specification Language},
	Url = {http://ieeexplore.ieee.org/document/7280667/},
	Urldate = {2018-04-12},
	Year = {2015},
	Bdsk-File-1 = {YnBsaXN0MDDUAQIDBAUGJCVYJHZlcnNpb25YJG9iamVjdHNZJGFyY2hpdmVyVCR0b3ASAAGGoKgHCBMUFRYaIVUkbnVsbNMJCgsMDxJXTlMua2V5c1pOUy5vYmplY3RzViRjbGFzc6INDoACgAOiEBGABIAFgAdccmVsYXRpdmVQYXRoWWFsaWFzRGF0YV8QLi4uLy4uL1BhcGVycy9TZW1hbnRpYyBleHRlbnNpb25zIHRvIFZpbm5zbC5wZGbSFwsYGVdOUy5kYXRhTxEB5AAAAAAB5AACAAAMTWFjaW50b3NoIEhEAAAAAAAAAAAAAAAAAAAAAAAAAEJEAAH/////H1NlbWFudGljIGV4dGVuc2lvbiNGRkZGRkZGRi5wZGYAAAAAAAAAAAAAAAAAAAAAAAAAAAAAAAAAAAAAAAAAAP////8AAAAAAAAAAAAAAAAAAgACAAAKIGN1AAAAAAAAAAAAAAAAAAZQYXBlcnMAAgBjLzpVc2VyczpiZW5qYW1pbi5udXNzYmF1bTpEcm9wYm94OlVuaTpfTWFzdGVyOk1hc3RlcmFyYmVpdDpQYXBlcnM6U2VtYW50aWMgZXh0ZW5zaW9ucyB0byBWaW5uc2wucGRmAAAOAEQAIQBTAGUAbQBhAG4AdABpAGMAIABlAHgAdABlAG4AcwBpAG8AbgBzACAAdABvACAAVgBpAG4AbgBzAGwALgBwAGQAZgAPABoADABNAGEAYwBpAG4AdABvAHMAaAAgAEgARAASAGFVc2Vycy9iZW5qYW1pbi5udXNzYmF1bS9Ecm9wYm94L1VuaS9fTWFzdGVyL01hc3RlcmFyYmVpdC9QYXBlcnMvU2VtYW50aWMgZXh0ZW5zaW9ucyB0byBWaW5uc2wucGRmAAATAAEvAAAVAAIAGP//AACABtIbHB0eWiRjbGFzc25hbWVYJGNsYXNzZXNdTlNNdXRhYmxlRGF0YaMdHyBWTlNEYXRhWE5TT2JqZWN00hscIiNcTlNEaWN0aW9uYXJ5oiIgXxAPTlNLZXllZEFyY2hpdmVy0SYnVHJvb3SAAQAIABEAGgAjAC0AMgA3AEAARgBNAFUAYABnAGoAbABuAHEAcwB1AHcAhACOAL8AxADMArQCtgK7AsYCzwLdAuEC6ALxAvYDAwMGAxgDGwMgAAAAAAAAAgEAAAAAAAAAKAAAAAAAAAAAAAAAAAAAAyI=},
	Bdsk-Url-1 = {http://ieeexplore.ieee.org/document/7280667/},
	Bdsk-Url-2 = {https://doi.org/10.1109/IJCNN.2015.7280667}}

@mastersthesis{kopica_2015,
	Abstract = {This thesis presents the development of the Vienna Neural Network Specification Lan-guage (ViNNSL). At the beginning, neural networks are classified and mapped to ontolo-gies. In addition, neural network applications based on publications are presented. Theontologies are used as search tree in order to and neural networks based on several pa-rameters to solve a specific problem. Afterwards, ViNNSL 1.0 is outlined and extendedto ViNNSL 2.0. Therefore, already proposed neural network specification languages areanalysed. Based on the analysis ViNNSL 1.0 is extended and every schema describedin detail. ViNNSL 2.0 provides the possibility to describe neural networks in order toenable IT systems to execute them automatically and present the outcome. For a betterunderstanding use cases providing an application and evaluation example to ViNNSL2.0 are given. Finally the future use of ViNNSL 2.0 is outlined.},
	Author = {Kopica, Thomas},
	Date-Modified = {2018-04-14 20:14:28 +0000},
	F1000-Projects = {Masterthesis},
	Title = {Vienna Neural Network Specification Language 2.0},
	Type = {Masterthesis},
	Urldate = {2018-04-12},
	Year = {2015},
	Bdsk-File-1 = {YnBsaXN0MDDUAQIDBAUGJCVYJHZlcnNpb25YJG9iamVjdHNZJGFyY2hpdmVyVCR0b3ASAAGGoKgHCBMUFRYaIVUkbnVsbNMJCgsMDxJXTlMua2V5c1pOUy5vYmplY3RzViRjbGFzc6INDoACgAOiEBGABIAFgAdccmVsYXRpdmVQYXRoWWFsaWFzRGF0YV8QJC4uLy4uL1BhcGVycy9NVF9Lb3BpY2FfVmlubnNsMl8wLnBkZtIXCxgZV05TLmRhdGFPEQG8AAAAAAG8AAIAAAxNYWNpbnRvc2ggSEQAAAAAAAAAAAAAAAAAAAAAAAAAQkQAAf////8XTVRfS29waWNhX1Zpbm5zbDJfMC5wZGYAAAAAAAAAAAAAAAAAAAAAAAAAAAAAAAAAAAAAAAAAAAAAAAAAAAAA/////wAAAAAAAAAAAAAAAAACAAIAAAogY3UAAAAAAAAAAAAAAAAABlBhcGVycwACAFkvOlVzZXJzOmJlbmphbWluLm51c3NiYXVtOkRyb3Bib3g6VW5pOl9NYXN0ZXI6TWFzdGVyYXJiZWl0OlBhcGVyczpNVF9Lb3BpY2FfVmlubnNsMl8wLnBkZgAADgAwABcATQBUAF8ASwBvAHAAaQBjAGEAXwBWAGkAbgBuAHMAbAAyAF8AMAAuAHAAZABmAA8AGgAMAE0AYQBjAGkAbgB0AG8AcwBoACAASABEABIAV1VzZXJzL2JlbmphbWluLm51c3NiYXVtL0Ryb3Bib3gvVW5pL19NYXN0ZXIvTWFzdGVyYXJiZWl0L1BhcGVycy9NVF9Lb3BpY2FfVmlubnNsMl8wLnBkZgAAEwABLwAAFQACABj//wAAgAbSGxwdHlokY2xhc3NuYW1lWCRjbGFzc2VzXU5TTXV0YWJsZURhdGGjHR8gVk5TRGF0YVhOU09iamVjdNIbHCIjXE5TRGljdGlvbmFyeaIiIF8QD05TS2V5ZWRBcmNoaXZlctEmJ1Ryb290gAEACAARABoAIwAtADIANwBAAEYATQBVAGAAZwBqAGwAbgBxAHMAdQB3AIQAjgC1ALoAwgKCAoQCiQKUAp0CqwKvArYCvwLEAtEC1ALmAukC7gAAAAAAAAIBAAAAAAAAACgAAAAAAAAAAAAAAAAAAALw}}
